
	<!-- PHYSICS only with PHYSTEMP in 999$k so index but no building_facet -->
	<record>
	    <leader>01801cam a2200361K  4500</leader>
	    <controlfield tag='001'>aindexK</controlfield>
	    <controlfield tag='008'>090724s2009    caua          100 0 eng d</controlfield>
	    <datafield ind1='0' ind2='0' tag='245'>
	        <subfield code='a'>PHYSICS only with PHYSTEMP in 999$k so index but no building_facet</subfield>
	    </datafield>
	    <datafield ind1='4' ind2='1' tag='856'>
	        <subfield code='z'>Available to Stanford-affiliated users at:</subfield>
	        <subfield code='u'>http://aspbooks.org/a/volumes/table_of_contents/?book_id=95</subfield>
	    </datafield>
	    <datafield ind1=' ' ind2=' ' tag='999'>
	        <subfield code='a'>QB1 .A8133 V.402</subfield>
	        <subfield code='w'>LC</subfield>
	        <subfield code='c'>1</subfield>
	        <subfield code='i'>36105210713652</subfield>
	        <subfield code='k'>PHYSTEMP</subfield>
	        <subfield code='m'>PHYSICS</subfield>
	        <subfield code='t'>STKS</subfield>
	    </datafield>
	</record>