
	<!-- No PHYSICS library -->
	<record>
	    <leader>01801cam a2200361K  4500</leader>
	    <controlfield tag='001'>anoPhysics</controlfield>
	    <controlfield tag='008'>090724s2009    caua          100 0 eng d</controlfield>
	    <datafield ind1='0' ind2='0' tag='245'>
	        <subfield code='a'>No PHYSICS library</subfield>
	    </datafield>
	    <datafield ind1=' ' ind2=' ' tag='999'>
	        <subfield code='a'>QB1 .A8133 V.402</subfield>
	        <subfield code='w'>LC</subfield>
	        <subfield code='c'>1</subfield>
	        <subfield code='i'>36105210713652</subfield>
	        <subfield code='k'>STACKS</subfield>
	        <subfield code='m'>GREEN</subfield>
	        <subfield code='t'>STKS</subfield>
	    </datafield>
	</record>
</records>